
@incollection{kling_96_nodate,
	title = {9.6 Dicke Linse und Hauptebenen},
	pages = {97},
	booktitle = {Skript zur E3: Elektromagtische Wellen und Optik},
	author = {Kling, Matthias and Yakovlev, Vladislav},
	urldate = {2021-03-15},
	langid = {german}
}

@incollection{saleh_14_2019,
	location = {Hoboken},
	title = {1.4 Matrix Optics},
	isbn = {978-1-119-50687-4},
	pages = {31 -- 32},
	booktitle = {Fundamentals of photonics},
	publisher = {Wiley},
	author = {Saleh, Bahaa E. A and Teich, Malvin Carl},
	date = {2019},
	note = {{OCLC}: 1126641333}
}

@book{starr_biology_2006,
	title = {Biology : concepts and applications},
	isbn = {978-0-534-46226-0},
	url = {http://archive.org/details/biologyconceptsa06edstar},
	shorttitle = {Biology},
	abstract = {xx, 795 pages : 29 cm +; Accompanying {CD}-{ROM} covers topics in the same order as the text, with a quiz and flashcards for each chapter, as well as hundreds of animations, interactive sequences, and movies, and a link to the publisher's biology website; System requirements for accompanying {CD}-{ROM} : Windows: Intel Pentium, Windows 95, 98, or {NT}4, 32MB {RAM} required (64MB recommended), Apple {QuickTime} 4.0 or later (provided on the {CD}-{ROM}), Windows-compatible sound card, speakers or headphones, 4x {CD}-{ROM} drive, color monitor (256 colors; 640 x 480) ; Macintosh: {PowerMac}, {OS} 7.5.5 or later (virtual memory must be off), 48MB {RAM} required (64MB recommended), Apple {QuickTime} 4.0 or later (provided on the {CD}-{ROM}), speakers or headphones, 4x {CD}-{ROM} drive, color monitor (256 colors; 640 x 480); Includes bibliographical references and index; Invitation to biology -- Principles of Cellular Life -- Life's chemical basis -- Molecules of life -- How cells are put together -- How cells work -- Where it starts: photosynthesis -- How cells release chemical energy -- Principles of Inheritance -- How cells reproduce -- Meiosis and sexual reproduction -- Observing patterns in inherited traits -- Chromosomes and human genetics -- {DNA} structure and function -- From {DNA} to proteins -- Controls over genes -- Studying and manipulating genomes -- Principles of Evolution -- Processes of evolution -- Evolutionary patterns, traits, and trends -- The origin and early evolution of life -- Evolution and Biodiversity -- Prokaryotes and viruses -- The simplest eukaryotes: protists and fungi -- Plant evolution -- Animal evolution: the invertebrates -- Animal evolution: the vertebrates -- Plants and animals: common challenges -- How Plants Work -- Plant tissues -- Plant nutrition and transport -- Plant reproduction and development -- How Animals Work -- Animal tissues and organ systems -- Neural control -- Sensory perception -- Endocrine control -- How animals move -- Circulation -- Immunity -- Respiration -- Digestion and human nutrition -- The internal environment -- Animal reproduction and development -- Principles of Ecology -- Population ecology -- Community structure and biodiversity -- Ecosystems -- The biosphere -- Behavioral ecology},
	pagetotal = {886},
	publisher = {Belmont, {CA} : Thomson, Brooks/Cole},
	author = {Starr, Cecie},
	editora = {{Internet Archive}},
	editoratype = {collaborator},
	urldate = {2021-03-16},
	date = {2006},
	keywords = {Biology}
}